@Book{P2,
  author     = "Chen-Chung Chang and H. Jerome Keisler",
  title      = "Model Theory",
  publisher  = "North-Holland",
  edition   = {Third},
  year       = 1990,
}

@inproceedings{P1,
  author    = {Hiroki Arimura},
  title     = {Learning Acyclic First-Order Horn Sentences from Entailment},
  booktitle = {Proc. of the 8th Intl. Conf. on Algorithmic Learning Theory, ALT '97},
  year      = {1997},
  pages     = {432-445},
  ee        = {http://dx.doi.org/10.1007/3-540-63577-7_59},
  bibsource = {DBLP, http://dblp.uni-trier.de}
}

@inproceedings{DBLP:conf/isca/ZhangMMT16,
  author    = {Yunqi Zhang and
               David Meisner and
               Jason Mars and
               Lingjia Tang},
  title     = {Treadmill: Attributing the Source of Tail Latency through Precise
               Load Testing and Statistical Inference},
  booktitle = {43rd {ACM/IEEE} Annual International Symposium on Computer Architecture,
               {ISCA} 2016, Seoul, South Korea, June 18-22, 2016},
  pages     = {456--468},
  year      = {2016},
  crossref  = {DBLP:conf/isca/2016},
  url       = {https://doi.org/10.1109/ISCA.2016.47},
  doi       = {10.1109/ISCA.2016.47},
  timestamp = {Tue, 23 May 2017 01:12:15 +0200},
  biburl    = {http://dblp.org/rec/bib/conf/isca/ZhangMMT16},
  bibsource = {dblp computer science bibliography, http://dblp.org}
}


@inproceedings{DBLP:conf/nsdi/FanAK13,
  author    = {Bin Fan and
               David G. Andersen and
               Michael Kaminsky},
  title     = {MemC3: Compact and Concurrent MemCache with Dumber Caching and Smarter
               Hashing},
  booktitle = {Proceedings of the 10th {USENIX} Symposium on Networked Systems Design
               and Implementation, {NSDI} 2013, Lombard, IL, USA, April 2-5, 2013},
  pages     = {371--384},
  year      = {2013},
  crossref  = {DBLP:conf/nsdi/2013},
  url       = {https://www.usenix.org/conference/nsdi13/technical-sessions/presentation/fan},
  timestamp = {Wed, 29 Mar 2017 16:45:22 +0200},
  biburl    = {http://dblp.org/rec/bib/conf/nsdi/FanAK13},
  bibsource = {dblp computer science bibliography, http://dblp.org}
}



@Misc{dpdk,
author =   {Intel},
title =    {{Intel Data Plane Development Kit}},
howpublished = {http://www.intel.com/go/dpdk},
year = {2016}
}

@Misc{seastar,
author =   {Scylla},
title =    {{ Seastar Framework }},
howpublished = {http://www.seastar-project.org/},
year = {2016}
}

@inproceedings{DBLP:conf/eurosys/LeverichK14,
  author    = {Jacob Leverich and
               Christos Kozyrakis},
  title     = {Reconciling high server utilization and sub-millisecond quality-of-service},
  booktitle = {Ninth Eurosys Conference 2014, EuroSys 2014, Amsterdam, The Netherlands,
               April 13-16, 2014},
  pages     = {4:1--4:14},
  year      = {2014},
  crossref  = {DBLP:conf/eurosys/2014},
  url       = {http://doi.acm.org/10.1145/2592798.2592821},
  doi       = {10.1145/2592798.2592821},
  timestamp = {Thu, 23 Apr 2015 17:57:27 +0200},
  biburl    = {http://dblp.org/rec/bib/conf/eurosys/LeverichK14},
  bibsource = {dblp computer science bibliography, http://dblp.org}
}





